<?xml version="1.0" encoding="UTF-8"?><collection xmlns="http://www.loc.gov/MARC21/slim"><record><leader>00390nam--2200133-i-4500</leader><controlfield tag="001">000002086</controlfield><controlfield tag="002">20161230</controlfield><controlfield tag="005">20161230201024</controlfield><controlfield tag="008">060222s1000------------r-----000-0-eng-d</controlfield><datafield ind1=" " ind2=" " tag="080"><subfield code="a">621.316</subfield></datafield><datafield ind1=" " ind2=" " tag="100"><subfield code="a">Gladcov, A.Z</subfield></datafield><datafield ind1=" " ind2=" " tag="245"><subfield code="a">Fabricarea lacurilor electroizolante. traducere din lb. rusa.numai pentru uz intern</subfield></datafield><datafield ind1=" " ind2=" " tag="260"><subfield code="a">Bucuresti, Editura Energetica De Stat, 1953. 124 P</subfield></datafield><datafield ind1=" " ind2=" " tag="852"><subfield code="a">3115</subfield></datafield></record></collection>